<record><leader>00000cas a22000007a 4500</leader><controlfield tag="001">1764928</controlfield><controlfield tag="008">751101c18849999mnuwr ne      0    0eng d</controlfield><datafield ind1=" " ind2=" " tag="010"><subfield code="a">sn 91059224 </subfield></datafield><datafield ind1=" " ind2=" " tag="040"><subfield code="a">MUL</subfield><subfield code="b">eng</subfield><subfield code="c">MUL</subfield><subfield code="d">MN#</subfield><subfield code="d">OCLCQ</subfield><subfield code="d">OCLCF</subfield><subfield code="d">OCLCO</subfield></datafield><datafield ind1="1" ind2=" " tag="029"><subfield code="a">AU@</subfield><subfield code="b">000025889460</subfield></datafield><datafield ind1=" " ind2=" " tag="042"><subfield code="a">msc</subfield></datafield><datafield ind1=" " ind2=" " tag="043"><subfield code="a">n-us-mn</subfield></datafield><datafield ind1=" " ind2=" " tag="052"><subfield code="a">4144</subfield><subfield code="b">S44</subfield></datafield><datafield ind1=" " ind2=" " tag="052"><subfield code="a">4143</subfield><subfield code="b">N5</subfield></datafield><datafield ind1="0" ind2="0" tag="245"><subfield code="a">Saint Peter herald.</subfield></datafield><datafield ind1="3" ind2="0" tag="246"><subfield code="a">St. Peter herald</subfield></datafield><datafield ind1="3" ind2="0" tag="246"><subfield code="a">St. Peter times herald</subfield></datafield><datafield ind1=" " ind2=" " tag="260"><subfield code="a">Saint Peter, Nicollet County, Minn. :</subfield><subfield code="b">J. Blackiston &amp; H.J. Essler,</subfield><subfield code="c">1884-</subfield></datafield><datafield ind1=" " ind2=" " tag="300"><subfield code="a">v.</subfield></datafield><datafield ind1=" " ind2=" " tag="310"><subfield code="a">Weekly, July 11, 1942-</subfield></datafield><datafield ind1=" " ind2=" " tag="321"><subfield code="a">Weekly,</subfield><subfield code="b">Oct. 17, 1884-Dec. 25, 1925</subfield></datafield><datafield ind1=" " ind2=" " tag="321"><subfield code="a">Semiweekly,</subfield><subfield code="b">Jan. 1, 1926-July 3, 1942</subfield></datafield><datafield ind1="0" ind2=" " tag="362"><subfield code="a">Vol. 1, no. 1 (Oct. 17, 1884)-</subfield></datafield><datafield ind1=" " ind2=" " tag="500"><subfield code="a">Also published as: St. Peter herald.</subfield></datafield><datafield ind1=" " ind2=" " tag="500"><subfield code="a">Published as: St. Peter times herald, Feb. 26, 1981-July 31, 1981.</subfield></datafield><datafield ind1=" " ind2=" " tag="530"><subfield code="a">Available on microfilm from the Minnesota Historical Society.</subfield></datafield><datafield ind1=" " ind2="0" tag="651"><subfield code="a">Saint Peter (Minn.)</subfield><subfield code="v">Newspapers.</subfield></datafield><datafield ind1=" " ind2="7" tag="655"><subfield code="a">Newspapers.</subfield><subfield code="2">fast</subfield><subfield code="0">(OCoLC)fst01423814</subfield></datafield><datafield ind1=" " ind2="7" tag="651"><subfield code="a">Minnesota</subfield><subfield code="z">Saint Peter.</subfield><subfield code="2">fast</subfield><subfield code="0">(OCoLC)fst01210984</subfield></datafield><datafield ind1=" " ind2=" " tag="752"><subfield code="a">United States</subfield><subfield code="b">Minnesota</subfield><subfield code="c">Nicollet</subfield><subfield code="d">Saint Peter.</subfield></datafield><datafield ind1="0" ind2="5" tag="780"><subfield code="t">St. Peter new times</subfield><subfield code="w">(DLC)sn 91059229</subfield></datafield><datafield ind1="0" ind2="5" tag="780"><subfield code="t">Saint Peter free press (Saint Peter, Minn. : 1894)</subfield><subfield code="w">(DLC)sn 86063392</subfield></datafield><datafield ind1="0" ind2="6" tag="780"><subfield code="t">Saint Peter tribune</subfield><subfield code="w">(DLC)sn 83016798</subfield></datafield></record>